
@article{metricna,
      author = {R.~C.~Tillquist and R.~M.~Frongillo and M.~E.~Lladser},
      title = {Getting the Lay of the Land in Discrete Space: A Survey of Metric Dimension and Its Applications},
      journal = {SIAM Review},
      volume = {65},
      pages = {919-962},
      year = {2023},
}


@article{sosedska_dvojcki,
      title = {The metric dimension of the lexicographic product of graphs},
      journal = {Discrete Mathematics},
      volume = {312},
      pages = {3349-3356},
      year = {2012},
      author = {M.~Jannesari and B.~Omoomi}
}

@article{komponente,
      title = {The metric dimension of the lexicographic product of graphs},
      journal = {Discrete Mathematics},
      volume = {313},
      pages = {1045-1051},
      year = {2013},
      author = {S.~W.~Saputro and R.~Simanjuntak and S.~Uttunggadewa and H.~Assiyatun and E.~T.~Baskoro and A.~N.~M.~Salman and M.~Baƒça}
}